<record><leader>00000cas a22000007a 4500</leader><controlfield tag="001">20714012</controlfield><controlfield tag="008">891130d194019uupaumr ne      0    0eng d</controlfield><datafield ind1=" " ind2=" " tag="010"><subfield code="a">sn 90069008 </subfield></datafield><datafield ind1=" " ind2=" " tag="040"><subfield code="a">NPH</subfield><subfield code="b">eng</subfield><subfield code="c">NPH</subfield><subfield code="d">OCLCQ</subfield></datafield><datafield ind1=" " ind2=" " tag="042"><subfield code="a">msc</subfield></datafield><datafield ind1="0" ind2="4" tag="245"><subfield code="a">The Tinicum times.</subfield></datafield><datafield ind1=" " ind2=" " tag="260"><subfield code="a">Ottsville, Penna. :</subfield><subfield code="b">Carl Kuhlmann,</subfield><subfield code="c">1940-</subfield></datafield><datafield ind1=" " ind2=" " tag="300"><subfield code="a">v. ;</subfield><subfield code="c">24 cm.</subfield></datafield><datafield ind1=" " ind2=" " tag="310"><subfield code="a">Monthly</subfield></datafield><datafield ind1="0" ind2=" " tag="362"><subfield code="a">Vol. 1, no. 1 (July 15, 1940)-</subfield></datafield><datafield ind1=" " ind2=" " tag="500"><subfield code="a">"Published monthly-funds permitting."</subfield></datafield><datafield ind1=" " ind2=" " tag="752"><subfield code="a">United States</subfield><subfield code="b">Pennsylvania</subfield><subfield code="c">Bucks</subfield><subfield code="d">Ottsville.</subfield></datafield></record>